@misc{Talentlms,
	author = {Talentlms},
	title = {{What's an LMS?}},
	URL = "https://www.talentlms.com/what-is-an-lms"
}

@misc{OpenAPI,
	title = {{OpenAPI}},
	URL = "https://spec.openapis.org/oas/v3.1.0"
}

@misc{REST,
	author = {Roy Thomas},
	title = {{Architectural Styles and the Design of Network-based Software Architectures}},
	URL = "https://www.ics.uci.edu/~fielding/pubs/dissertation/rest_arch_style.htm"
}

@misc{Typescript,
	author = {Microsoft},
	title = {{Typescript }},
	URL = "https://www.typescriptlang.org//"
}

@misc{Angular,
	author = {Google},
	title = {{Angular }},
	URL = "https://angular.io/"
}

@misc{Flask,
	title = {{Flask}},
	URL = "https://flask.palletsprojects.com/en/2.0.x/"
}

@misc{Python,
	title = {{Python}},
	URL = "https://www.python.org"
}

@misc{Solaresearch,
	author = {Solaresearch},
	URL = "https://solaresearch.org/"
}

@misc{first,
	author = {George Siemens},
	title = {{1st International Conference on Learning Analytics and Knowledge 2011}},
	URL = "https://tekri.athabascau.ca/analytics/"
}

@misc{academicanalytics,
	author = {Academic Analytics},
	URL = "https://academicanalytics.com/"
}

@misc{educationaldatamining,
	author = {Educational Data Mining},
	URL = "http://www.educationaldatamining.org/"
}

@misc{columbia,
	author = {Learning Analytics Columbia},
	URL = "https://www.tc.columbia.edu/human-development/learning-analytics/"
}

@misc{iadlearning1,
	author = {Iadlearning},
	title = {{Learning Analytics 2018 - An updated perspective}},
	URL = "https://www.iadlearning.com/learning-analytics-2018/"
}

@misc{iadlearning2,
	author = {Iadlearning},
	title = {{Learning Analytics 2018 - An updated perspective}},
	URL = "https://www.iadlearning.com/learning-analytics-2018/"
}

@misc{gradiant,
	author = {Gradiant},
	title = {{Learning Analytics Current Challenges}},
	URL = "https://www.gradiant.org/noticia/learning-analytics-current-challenges/"
}

@misc{solutionpath,
	author = {Solutionpath},
	title = {{StREAM}},
	URL = "https://www.solutionpath.co.uk/"
}

@misc{Snapp,
	author = {SNAPP},
	URL = "https://web.archive.org/web/20120321212021/http://research.uow.edu.au/learningnetworks/seeing/snapp/index.html"
}

@misc{Intelliboard,
	author = {Intelliboard},
	URL = "https://intelliboard.net/"
}

@misc{Watershed,
	author = {Watershed},
	URL = "https://www.watershedlrs.com/"
}

@misc{Zoola,
	author = {Zoola Analytics},
	URL = "https://www.zoola.io/"
}

@misc{R,
	author = {R},
	URL = "https://www.r-project.org/about.html/"
}

@misc{Neo4j,
	author = {Neo4j},
	URL = "https://neo4j.com/"
}

@misc{HTML,
	title = {HTML},
	URL = "https://en.wikipedia.org/wiki/HTML"
}

@misc{CSS,
	title = {CSS},
	URL = "https://en.wikipedia.org/wiki/Cascading_Style_Sheets"
}

@misc{JS,
	title = {JavaScript},
	URL = "https://en.wikipedia.org/wiki/JavaScript"
}

@misc{GC,
	author = {Google Charts},
	URL = "https://developers.google.com/chart/"
}

@misc{Node,
	author = {Node},
	URL = "https://nodejs.org/en/"
}

@misc{Express,
	author = {Express},
	URL = "https://expressjs.com/"
}

@misc{EJS,
	author = {EJS},
	URL = "https://ejs.co/"
}